@article{stevens2020impact,
  title={The impact of obstructive sleep apnea on balance, gait, and falls risk: a narrative review of the literature},
  author={Stevens, David and Jackson, Brianna and Carberry, Jayne and McLoughlin, James and Barr, Chris and Mukherjee, Sutapa and Oh, Aaron and McEvoy, R Doug and Crotty, Maria and Vakulin, Andrew},
  journal={The Journals of Gerontology: Series A},
  volume={75},
  number={12},
  pages={2450--2460},
  year={2020},
  publisher={Oxford University Press US}
}


@article{muraki2018sleep,
  title={Sleep apnea and type 2 diabetes},
  author={Muraki, Isao and Wada, Hiroo and Tanigawa, Takeshi},
  journal={Journal of diabetes investigation},
  volume={9},
  number={5},
  pages={991--997},
  year={2018},
  publisher={Wiley Online Library}
}

@article{hou2018association,
  title={Association of obstructive sleep apnea with hypertension: a systematic review and meta-analysis},
  author={Hou, Haifeng and Zhao, Yange and Yu, Wenqing and Dong, Hualei and Xue, Xiaotong and Ding, Jian and Xing, Weijia and Wang, Wei},
  journal={Journal of global health},
  volume={8},
  number={1},
  year={2018},
  publisher={International Society for Global Health}
}

@article{mannarino2012obstructive,
  title={Obstructive sleep apnea syndrome},
  author={Mannarino, Massimo R and Di Filippo, Francesco and Pirro, Matteo},
  journal={European journal of internal medicine},
  volume={23},
  number={7},
  pages={586--593},
  year={2012},
  publisher={Elsevier}
}

@article{dyken2009obstructive,
  title={Obstructive sleep apnea and stroke},
  author={Dyken, Mark Eric and Im, Kyoung Bin},
  journal={Chest},
  volume={136},
  number={6},
  pages={1668--1677},
  year={2009},
  publisher={Elsevier}
}

@article{silverberg2002treating,
  title={Treating obstructive sleep apnea improves essential hypertension and quality of life},
  author={Silverberg, Donald F and Iaina, Adrian and Oksenberg, Arie},
  journal={American family physician},
  volume={65},
  number={2},
  pages={229},
  year={2002}
}

@article{kojic2021does,
  title={Does Sleep Apnea Affect the Outcome of Stroke Patients?},
  author={Koji{\'c}, Biljana and Dostovi{\'c}, Zikrija and {\'C} Ibrahimagi{\'c}, Omer and Smajlovi{\'c}, D{\v{z}}evdet and Iljazovi{\'c}, Amra},
  journal={Psychiatria Danubina},
  volume={33},
  number={suppl 4},
  pages={496--502},
  year={2021},
  publisher={Medicinska naklada}
}

@article{zhu2022multiple,
  title={Multiple Machine Learning Methods Reveal Key Biomarkers of Obstructive Sleep Apnea and Continuous Positive Airway Pressure Treatment},
  author={Zhu, Jie and Sanford, Larry D and Ren, Rong and Zhang, Ye and Tang, Xiangdong},
  journal={Frontiers in Genetics},
  volume={13},
  year={2022},
  publisher={Frontiers Media SA}
}

@article{zhang2021machine,
  title={Machine learning approaches for biomarker discovery using gene expression data},
  author={Zhang, Xiaokang and Jonassen, Inge and Goks{\o}yr, Anders},
  journal={Exon Publications},
  pages={53--64},
  year={2021}
}


@inproceedings{haidar2017sleep,
  title={Sleep apnea event detection from nasal airflow using convolutional neural networks},
  author={Haidar, Rim and Koprinska, Irena and Jeffries, Bryn},
  booktitle={International Conference on Neural Information Processing},
  pages={819--827},
  year={2017},
  organization={Springer}
}

@inproceedings{ramesh2021towards,
  title={Towards validating the effectiveness of obstructive sleep apnea classification from electronic health records using machine learning},
  author={Ramesh, Jayroop and Keeran, Niha and Sagahyroon, Assim and Aloul, Fadi},
  booktitle={Healthcare},
  volume={9},
  number={11},
  pages={1450},
  year={2021},
  organization={MDPI}
}

@article{lin2021sleep,
  title={Sleep apnea classification algorithm development using a machine-learning framework and bag-of-features derived from electrocardiogram spectrograms},
  author={Lin, Cheng-Yu and Wang, Yi-Wen and Setiawan, Febryan and Trang, Nguyen Thi Hoang and Lin, Che-Wei},
  journal={Journal of Clinical Medicine},
  volume={11},
  number={1},
  pages={192},
  year={2021},
  publisher={MDPI}
}

@article{ravelo2015oxygen,
  title={Oxygen saturation and RR intervals feature selection for sleep apnea detection},
  author={Ravelo-Garc{\'\i}a, Antonio G and Kraemer, Jan F and Navarro-Mesa, Juan L and Hern{\'a}ndez-P{\'e}rez, Eduardo and Navarro-Esteva, Javier and Juli{\'a}-Serd{\'a}, Gabriel and Penzel, Thomas and Wessel, Niels},
  journal={Entropy},
  volume={17},
  number={5},
  pages={2932--2957},
  year={2015},
  publisher={MDPI}
}

@article{palotti2019benchmark,
  title={Benchmark on a large cohort for sleep-wake classification with machine learning techniques},
  author={Palotti, Joao and Mall, Raghvendra and Aupetit, Michael and Rueschman, Michael and Singh, Meghna and Sathyanarayana, Aarti and Taheri, Shahrad and Fernandez-Luque, Luis},
  journal={NPJ digital medicine},
  volume={2},
  number={1},
  pages={1--9},
  year={2019},
  publisher={Nature Publishing Group}
}

@article{bernardini2022osasud,
  title={OSASUD: A dataset of stroke unit recordings for the detection of Obstructive Sleep Apnea Syndrome},
  author={Bernardini, Andrea and Brunello, Andrea and Gigli, Gian Luigi and Montanari, Angelo and Saccomanno, Nicola},
  journal={Scientific Data},
  volume={9},
  number={1},
  pages={1--10},
  year={2022},
  publisher={Nature Publishing Group}
}

@article{huang2020support,
  title={Support vector machine prediction of obstructive sleep apnea in a large-scale Chinese clinical sample},
  author={Huang, Wen-Chi and Lee, Pei-Lin and Liu, Yu-Ting and Chiang, Ambrose A and Lai, Feipei},
  journal={Sleep},
  volume={43},
  number={7},
  pages={zsz295},
  year={2020},
  publisher={Oxford University Press US}
}

@article{erdenebayar2019deep,
  title={Deep learning approaches for automatic detection of sleep apnea events from an electrocardiogram},
  author={Erdenebayar, Urtnasan and Kim, Yoon Ji and Park, Jong-Uk and Joo, Eun Yeon and Lee, Kyoung-Joung},
  journal={Computer methods and programs in biomedicine},
  volume={180},
  pages={105001},
  year={2019},
  publisher={Elsevier}
}


@article{tison2019automated,
  title={Automated and interpretable patient ECG profiles for disease detection, tracking, and discovery},
  author={Tison, Geoffrey H and Zhang, Jeffrey and Delling, Francesca N and Deo, Rahul C},
  journal={Circulation: Cardiovascular Quality and Outcomes},
  volume={12},
  number={9},
  pages={e005289},
  year={2019},
  publisher={Am Heart Assoc}
}

@article{aamir2022automatic,
  title={Automatic heart disease detection by classification of ventricular arrhythmias on ecg using machine learning},
  author={Aamir, Khalid Mahmood and Ramzan, Muhammad and Skinadar, Saima and Khan, Hikmat Ullah and Tariq, Usman and Lee, Hyunsoo and Nam, Yunyoung and Khan, Muhammad Attique},
  year={2022},
  publisher={TECH SCIENCE PRESS}
}

@article{mendonca2018review,
  title={A review of obstructive sleep apnea detection approaches},
  author={Mendonca, Fabio and Mostafa, Sheikh Shanawaz and Ravelo-Garcia, Antonio G and Morgado-Dias, Fernando and Penzel, Thomas},
  journal={IEEE journal of biomedical and health informatics},
  volume={23},
  number={2},
  pages={825--837},
  year={2018},
  publisher={IEEE}
}

@article{edouard2021validation,
  title={Validation of the Withings Sleep Analyzer, an under-the-mattress device for the detection of moderate-severe sleep apnea syndrome},
  author={Edouard, Paul and Campo, David and Bartet, Pierre and Yang, Rui-Yi and Bruyneel, Marie and Roisman, Gabriel and Escourrou, Pierre},
  journal={Journal of Clinical Sleep Medicine},
  volume={17},
  number={6},
  pages={1217--1227},
  year={2021},
  publisher={American Academy of Sleep Medicine}
}

@article{davis2013early,
  title={Early diagnosis and treatment of obstructive sleep apnea after stroke: Are we neglecting a modifiable stroke risk factor?},
  author={Davis, Arielle P and Billings, Martha E and Longstreth, WT and Khot, Sandeep P},
  journal={Neurology: Clinical Practice},
  volume={3},
  number={3},
  pages={192--201},
  year={2013},
  publisher={AAN Enterprises}
}

